<record><leader>00000cas a22000007a 4500</leader><controlfield tag="001">17062509</controlfield><controlfield tag="008">871125d19851988ohuwr ne      0    0eng d</controlfield><datafield ind1=" " ind2=" " tag="010"><subfield code="a">sn 87076875 </subfield></datafield><datafield ind1=" " ind2=" " tag="040"><subfield code="a">ONP</subfield><subfield code="b">eng</subfield><subfield code="c">ONP</subfield><subfield code="d">OCLCQ</subfield></datafield><datafield ind1=" " ind2=" " tag="042"><subfield code="a">msc</subfield></datafield><datafield ind1="0" ind2="0" tag="245"><subfield code="a">Shelby-Auglaize review.</subfield></datafield><datafield ind1=" " ind2=" " tag="260"><subfield code="a">Wapakoneta, Ohio :</subfield><subfield code="b">Daily News Print. Co.,</subfield><subfield code="c">1985-1988.</subfield></datafield><datafield ind1=" " ind2=" " tag="300"><subfield code="a">v.</subfield></datafield><datafield ind1=" " ind2=" " tag="310"><subfield code="a">Weekly</subfield></datafield><datafield ind1="0" ind2=" " tag="362"><subfield code="a">Vol. 1, no. 1 (Aug. 7, 1985)-v. 3, issue 28 (Mar. 9, 1988).</subfield></datafield><datafield ind1=" " ind2=" " tag="580"><subfield code="a">Formed by the union of: Botkins-Anna times, Jackson Center record, and Waynesfield journal.</subfield></datafield><datafield ind1=" " ind2="4" tag="651"><subfield code="a">Wapakoneta (Ohio)</subfield><subfield code="v">Newspapers.</subfield></datafield><datafield ind1=" " ind2="4" tag="651"><subfield code="a">Botkins (Ohio)</subfield><subfield code="v">Newspapers.</subfield></datafield><datafield ind1=" " ind2="4" tag="651"><subfield code="a">Anna (Ohio)</subfield><subfield code="v">Newspapers.</subfield></datafield><datafield ind1=" " ind2="4" tag="651"><subfield code="a">Jackson Center (Ohio)</subfield><subfield code="v">Newspapers.</subfield></datafield><datafield ind1=" " ind2="4" tag="651"><subfield code="a">Waynesfield (Ohio)</subfield><subfield code="v">Newspapers.</subfield></datafield><datafield ind1=" " ind2="4" tag="651"><subfield code="a">Auglaize County (Ohio)</subfield><subfield code="v">Newspapers.</subfield></datafield><datafield ind1=" " ind2="4" tag="651"><subfield code="a">Shelby County (Ohio)</subfield><subfield code="v">Newspapers.</subfield></datafield><datafield ind1=" " ind2=" " tag="752"><subfield code="a">United States</subfield><subfield code="b">Ohio</subfield><subfield code="c">Auglaize</subfield><subfield code="d">Wapakoneta.</subfield></datafield><datafield ind1="1" ind2="4" tag="780"><subfield code="t">Botkins-Anna times</subfield><subfield code="w">(DLC)sn 80002124</subfield></datafield><datafield ind1="1" ind2="4" tag="780"><subfield code="t">Jackson Center record</subfield><subfield code="w">(DLC)sn 80002129</subfield></datafield><datafield ind1="1" ind2="4" tag="780"><subfield code="t">Waynesfield journal</subfield><subfield code="w">(DLC)sn 80002119</subfield></datafield><datafield ind1="0" ind2="0" tag="785"><subfield code="t">Shelby County review (Wapakoneta, Ohio)</subfield><subfield code="w">(DLC)sn 89075026</subfield></datafield><datafield ind1="1" ind2=" " tag="029"><subfield code="a">AU@</subfield><subfield code="b">000025802144</subfield></datafield></record>